%
% literature database
%

%
% abbreviations
%

@string{BCTM = "Bipolar/BiCMOS Circuits and Technology Meeting"}
@string{ICMTS = "International Conference on Microelectronic Test Structures"}
@string{IEEETED = "IEEE Transactions on Electron Devices"}
@string{IRETED = "IRE Transactions on Electron Devices"}
@string{IEEETCS = "IEEE Transactions on Circuits and Systems"}
@string{IEEEJSSC = "IEEE Journal of Solid-State Circuits"}
@string{ESEJ = "Engineering Science and Education Journal"}
@string{IEEETMTT = "IEEE Transactions on Microwave Theory and Techniques"}

%
% books
%

@book{SZE,
 author    = {S. M. Sze},
 title     = {Semiconductor Devices},
 edition   = {Physics and Technology},
 publisher = {John Wiley and Sons},
 address   = {New York},
 year      = {1985},
 isbn      = {0-471-83704-0},
}

%
% hand books
%

@manual{WILTRON-Manual,
 title = {Model 360 Vector Network Analyzer Operational Manual},
 year  = {1991},
 month = nov,
 organization = {Wiltron},
}

%
% internet addresses
%

@misc{IC-CAP,
 author       = {Agilent},
 title        = {IC-CAP 2002 Manuals},
 organization = {Agilent Technologies},
 url          = {http://eesof.tm.agilent.com/docs/iccap2002/manuals.html},
 howpublished = {\\\texttt{http://eesof.tm.agilent.com/docs/iccap2002/manuals.html}},
}

%
% IEEE publications
%

@inproceedings{Compton,
 author    = {R. C. Compton and D. B. Rutledge},
 title     = "{Perspectives in Microwave Circuit Analysis}",
 publisher = {IEEE},
 year      = {1990},
 pages     = {716-718},
 local     = "{00101955.pdf}",
}

@inproceedings{Queiroz,
 author    = {Antonio Carlos M. de Queiroz},
 title     = "{Compact Nodal Analysis With Controlled Sources Modeled by
               Operational Amplifiers}",
 publisher = {IEEE},
 year      = {1996},
 pages     = {1205-1208},
 local     = "{00510311.pdf}",
}

@article{Wedepohl,
 author    = {L. M. Wedepohl and L .Jackson},
 title     = "{Modified nodal analysis: an essential addition to electrical
               circuit theory and analysis}",
 journal   = ESEJ,
 month     = jun,
 year      = {1992},
 publisher = {IEEE},
 pages     = {84-92},
 local     = "{01015781.pdf}",
}

@article{Monaco,
 author  = {Vito A. Monaco and Poalo Tiberio},
 title   = "{Computer-Aided Analysis of Microwave Circuits}",
 journal = IEEETMTT,
 volume  = {22},
 number  = {3},
 month   = mar,
 year    = {1974},
 pages   = {249-263},
 local   = "{01128298.pdf}",
}
